  @misc{wiki:past_impacts,
  author = {Wikimedia Commons},
  title  = {File:SmallAsteroidImpacts-Frequency-Bolide-20141114.jpg --- Wikimedia Commons{,} the free media repository},
  year   = {2020},
  url    = {https://commons.wikimedia.org/w/index.php?title=File:SmallAsteroidImpacts-Frequency-Bolide-20141114.jpg&oldid=447357435},
  note   = {[Online; accessed 20-September-2020]}
}

 @misc{wiki:smoothing_kernel,
  author = {Wikimedia Commons},
  title  = {File:SPHInterpolationColorsVerbose.svg --- Wikimedia Commons{,} the free media repository},
  year   = {2020},
  url    = {https://commons.wikimedia.org/w/index.php?title=File:SPHInterpolationColorsVerbose.svg&oldid=446219914},
  note   = {[Online; accessed 20-September-2020]}
}

@article{Stickle_2017,
  title    = {Modeling impact outcomes for the Double Asteroid Redirection Test (DART) mission},
  journal  = {Procedia Engineering},
  volume   = {204},
  pages    = {116 - 123},
  year     = {2017},
  note     = {14th Hypervelocity Impact Symposium 2017, HVIS2017, 24-28 April 2017, Canterbury, Kent, UK},
  issn     = {1877-7058},
  doi      = {https://doi.org/10.1016/j.proeng.2017.09.763},
  url      = {http://www.sciencedirect.com/science/article/pii/S1877705817343217},
  author   = {A.M. Stickle and E.S.G. Rainey and M. Bruck Syal and J.M. Owen and P. Miller and O.S. Barnouin and C.M. Ernst},
  keywords = {Planetary Impact, Momentum Enhancement, Hydrocodes, CTH, Spheral, DART Mission}
}

@article{Monaghan_1977,
  author  = {Gingold, R. A. and Monaghan, J. J.},
  title   = {{Smoothed particle hydrodynamics: theory and application to non-spherical stars}},
  journal = {Monthly Notices of the Royal Astronomical Society},
  volume  = {181},
  number  = {3},
  pages   = {375-389},
  year    = {1977},
  month   = {12},
  issn    = {0035-8711},
  doi     = {10.1093/mnras/181.3.375},
  url     = {https://doi.org/10.1093/mnras/181.3.375},
  eprint  = {https://academic.oup.com/mnras/article-pdf/181/3/375/3104055/mnras181-0375.pdf}
}


@article{Schaefer_2016,
  title     = {A smooth particle hydrodynamics code to model collisions between solid, self-gravitating objects},
  volume    = {590},
  issn      = {1432-0746},
  url       = {http://dx.doi.org/10.1051/0004-6361/201528060},
  doi       = {10.1051/0004-6361/201528060},
  journal   = {Astronomy and Astrophysics},
  publisher = {EDP Sciences},
  author    = {Schaefer, C. and Riecker, S. and Maindl, T. I. and Speith, R. and Scherrer, S. and Kley, W.},
  year      = {2016},
  month     = {Apr},
  pages     = {A19}
}


@article{Jutzi_2008,
  title     = {Numerical simulations of impacts involving porous bodies},
  volume    = {198},
  issn      = {0019-1035},
  url       = {http://dx.doi.org/10.1016/j.icarus.2008.06.013},
  doi       = {10.1016/j.icarus.2008.06.013},
  number    = {1},
  journal   = {Icarus},
  publisher = {Elsevier BV},
  author    = {Jutzi, Martin and Benz, Willy and Michel, Patrick},
  year      = {2008},
  month     = {Nov},
  pages     = {242â€“255}
}

@inproceedings{Holsapple2012MomentumTI,
  title  = {Momentum transfer in asteroid impacts. I. Theory and scaling},
  author = {Keith A. Holsapple and Kevin R. Housen},
  year   = {2012}
}

@article{Raducan_2019_strength,
  author  = {Raducan, Sabina and Davison, Thomas and Luther, Robert and Collins, Gareth},
  year    = {2019},
  month   = {04},
  pages   = {282 - 295},
  title   = {The role of asteroid strength, porosity and internal friction in impact momentum transfer},
  volume  = {329},
  journal = {Icarus},
  doi     = {10.1016/j.icarus.2019.03.040}
}